<record><leader>00000cas a22000007a 4500</leader><controlfield tag="001">16917863</controlfield><controlfield tag="008">871030d19271972pauwr ne      0    0eng d</controlfield><datafield ind1=" " ind2=" " tag="010"><subfield code="a">sn 89077777 </subfield></datafield><datafield ind1=" " ind2=" " tag="040"><subfield code="a">NPH</subfield><subfield code="b">eng</subfield><subfield code="c">NPH</subfield><subfield code="d">OCLCQ</subfield></datafield><datafield ind1=" " ind2=" " tag="042"><subfield code="a">msc</subfield></datafield><datafield ind1="0" ind2="4" tag="245"><subfield code="a">The Boyertown times.</subfield></datafield><datafield ind1="1" ind2="3" tag="246"><subfield code="a">Boyertown times and Berks County democrat</subfield></datafield><datafield ind1=" " ind2=" " tag="260"><subfield code="a">Boyertown, Pa. :</subfield><subfield code="b">[s.n.],</subfield><subfield code="c">1927-1972.</subfield></datafield><datafield ind1=" " ind2=" " tag="300"><subfield code="a">115 v. :</subfield><subfield code="b">ill. ;</subfield><subfield code="c">41-56 cm.</subfield></datafield><datafield ind1=" " ind2=" " tag="310"><subfield code="a">Weekly</subfield></datafield><datafield ind1="0" ind2=" " tag="362"><subfield code="a">Vol. 1, no. 1 (Aug. 10, 1927)-v. 115, no. 43 (Mar. 30, 1972).</subfield></datafield><datafield ind1=" " ind2=" " tag="500"><subfield code="a">Special "100th Anniversary" issue published June 6, 1957.</subfield></datafield><datafield ind1=" " ind2=" " tag="500"><subfield code="a">Editor: Collier Rhoads.</subfield></datafield><datafield ind1=" " ind2=" " tag="752"><subfield code="a">United States</subfield><subfield code="b">Pennsylvania</subfield><subfield code="c">Berks</subfield><subfield code="d">Boyertown.</subfield></datafield><datafield ind1="0" ind2="7" tag="785"><subfield code="t">Birdsboro dispatch</subfield><subfield code="w">(DLC)sn 88079600</subfield></datafield><datafield ind1="0" ind2="7" tag="785"><subfield code="t">Times of Boyertown and Birdsboro dispatch</subfield><subfield code="w">(DLC)sn 88079602</subfield></datafield><datafield ind1="1" ind2=" " tag="029"><subfield code="a">AU@</subfield><subfield code="b">000025881690</subfield></datafield></record>